<record><leader>00000cas a22000007a 4500</leader><controlfield tag="001">9698357</controlfield><controlfield tag="008">830713d18931900ohuwr ne      0    0ger d</controlfield><controlfield tag="009">3783</controlfield><datafield ind1=" " ind2=" " tag="010"><subfield code="a">sn 83035298 </subfield></datafield><datafield ind1=" " ind2=" " tag="040"><subfield code="a">NPY</subfield><subfield code="b">eng</subfield><subfield code="c">NPY</subfield><subfield code="d">NPX</subfield><subfield code="d">DLC</subfield><subfield code="d">ONP</subfield><subfield code="d">NYS</subfield><subfield code="d">OCLCQ</subfield><subfield code="d">NYS</subfield></datafield><datafield ind1="1" ind2=" " tag="029"><subfield code="a">AU@</subfield><subfield code="b">000026086701</subfield></datafield><datafield ind1=" " ind2=" " tag="042"><subfield code="a">msc</subfield></datafield><datafield ind1="0" ind2=" " tag="130"><subfield code="a">Wa&#776;chter und Anzeiger (Cleveland, Ohio : Weekly)</subfield></datafield><datafield ind1="0" ind2="0" tag="245"><subfield code="a">Wa&#776;chter und Anzeiger.</subfield></datafield><datafield ind1="1" ind2="1" tag="246"><subfield code="a">Sentinel and advertiser</subfield></datafield><datafield ind1="1" ind2="1" tag="246"><subfield code="a">Guardian and advertiser</subfield></datafield><datafield ind1=" " ind2=" " tag="250"><subfield code="a">Wochen-Ausg.</subfield></datafield><datafield ind1=" " ind2=" " tag="260"><subfield code="a">[Cleveland, Ohio] :</subfield><subfield code="b">German Consolidated Newspaper Co.,</subfield><subfield code="c">-1900.</subfield></datafield><datafield ind1=" " ind2=" " tag="300"><subfield code="a">v. :</subfield><subfield code="b">ill. ;</subfield><subfield code="c">59 cm.</subfield></datafield><datafield ind1=" " ind2=" " tag="310"><subfield code="a">Weekly</subfield></datafield><datafield ind1="1" ind2=" " tag="362"><subfield code="a">Began in Oct. 1893.</subfield></datafield><datafield ind1="0" ind2=" " tag="362"><subfield code="a">-Jahrg. 48, Nr. 30 (28 Feb. 1900).</subfield></datafield><datafield ind1=" " ind2=" " tag="752"><subfield code="a">United States</subfield><subfield code="b">Ohio</subfield><subfield code="c">Cuyahoga</subfield><subfield code="d">Cleveland.</subfield></datafield><datafield ind1="0" ind2=" " tag="775"><subfield code="t">Wa&#776;chter und Anzeiger (Cleveland, Ohio : Daily)</subfield><subfield code="w">(DLC)sn 83035297</subfield></datafield><datafield ind1="0" ind2="4" tag="780"><subfield code="t">Clevelander Anzeiger und deutsche Presse (Cleveland, Ohio : Weekly)</subfield><subfield code="w">(DLC)sn 83035294</subfield></datafield><datafield ind1="0" ind2="4" tag="780"><subfield code="t">Wa&#776;chter am Erie (Cleveland, Ohio : Weekly)</subfield><subfield code="w">(DLC)sn 83035286</subfield></datafield></record>